@misc{intelSGX,
  title = {Software Guard Extensions (SGX)},
  author = {{Intel Corporation}},
  year = {2020},
  note = {\url{https://software.intel.com/sgx}}
}

@misc{amdSEV,
  title = {Secure Encrypted Virtualization (SEV)},
  author = {{Advanced Micro Devices, Inc.}},
  year = {2020},
  note = {\url{https://developer.amd.com/sev/}}
}

@misc{armTrustZone,
  title = {TrustZone Technology},
  author = {{ARM Ltd.}},
  year = {2020},
  note = {\url{https://developer.arm.com/technologies/trustzone}}
}

@inproceedings{costan2016intel,
  title = {Intel SGX Explained},
  author = {Victor Costan and Srinivas Devadas},
  booktitle = {IACR Cryptology ePrint Archive},
  year = {2016},
  volume = {2016},
  pages = {86},
  url = {https://eprint.iacr.org/2016/086.pdf}
}

@inproceedings{arnautov2016scone,
  title = {SCONE: Secure Computing with Untrusted Operating System},
  author = {Sergei Arnautov and others},
  booktitle = {12th USENIX Symposium on Operating Systems Design and Implementation (OSDI 16)},
  pages = {689--703},
  year = {2016}
}

@inproceedings{van2018foreshadow,
  title = {Foreshadow: Extracting the Keys to the Intel SGX Kingdom with Transient Out-of-Order Execution},
  author = {Jo Van Bulck and others},
  booktitle = {27th USENIX Security Symposium (USENIX Security 18)},
  pages = {991--1008},
  year = {2018}
}

@misc{coco,
  title = {Confidential Containers Project},
  author = {{Confidential Containers (CNCF)}},
  year = {2023},
  note = {\url{https://confidential-containers.github.io}}
}

@misc{researchgate_architecture,
  title = {Architecture of our system and differences when deployed with Intel SGX and AMD SEV-ES},
  author = {ResearchGate},
  note = {\url{https://www.researchgate.net/figure/Architecture-of-our-system-and-differences-when-deployed-with-Intel-SGX-and-AMD-SEV-ES_fig3_330472504}},
  year = {2019}
}

@misc{azure_mpc,
  title = {Common Azure Confidential Computing Scenarios and Use Cases},
  author = {Microsoft Azure},
  note = {\url{https://learn.microsoft.com/en-us/azure/confidential-computing/use-cases-scenarios}},
  year = {2025}
}

@misc{machine_learning,
  title = {Confidential Computing across Edge-to-Cloud for Machine Learning: A Survey Study},
  author = {Mohsen Amini Salehi},
  note = {\url{https://arxiv.org/abs/2307.16447}},
  year = {2023}
}

@misc{redhat_attestation,
  title = {Introducing Confidential Containers Trustee: Attestation Services Solution Overview and Use Cases},
  author = {Red Hat},
  note = {\url{https://www.redhat.com/en/blog/introducing-confidential-containers-trustee-attestation-services-solution-overview-and-use-cases}},
  year = {2023}
}

@misc{coco_architecture,
  title = {Design Overview - Confidential Containers},
  author = {Confidential Containers},
  note = {\url{https://confidentialcontainers.org/docs/architecture/design-overview/}},
  year = {2024}
}

@misc{remote_attestation,
  title = {What Is Remote Attestation? Enhancing Data Governance with Confidential Computing},
  author = {Sal Kimmich},
  note = {\url{https://confidentialcomputing.io/2024/10/02/what-is-remote-attestation-enhancing-data-governance-with-confidential-computing/}},
  year = {2024}
}

@misc{secure_runtime_environments,
  title = {Introducing Confidential Containers Trustee: Attestation Services Solution Overview and Use Cases},
  author = {Ariel Adam, Pradipta Banerjee},
  note = {\url{https://www.redhat.com/en/blog/introducing-confidential-containers-trustee-attestation-services-solution-overview-and-use-cases}},
  year = {2024}
}

@misc{beekeeper_ai,
  title = {Fostering Health AI Development with Confidential Computing},
  author = {TechTarget},
  year = {2024},
  note = {Accessed: 2025-05-18},
  url = {https://www.techtarget.com/healthtechanalytics/feature/Fostering-health-AI-development-with-confidential-computing}
}

@misc{azure_edge,
  title = {Common Azure Confidential Computing Scenarios and Use Cases},
  author = {Microsoft Azure},
  year = {2025},
  note = {Accessed: 2025-05-18},
  url = {https://learn.microsoft.com/en-us/azure/confidential-computing/use-cases-scenarios}
}

@misc{anjuna_ip,
  title = {Confidential Computing Use Cases: Protecting Sensitive Data in a Range of Industries},
  author = {Anjuna Security},
  year = {2023},
  note = {Accessed: 2025-05-18},
  url = {https://www.anjuna.io/blog/confidential-computing-use-cases-protecting-sensitive-data-in-a-range-of-industries}
}

@misc{ibm,
  title = {What is confidential computing},
  author = {Mark Scapicchio},
  note = {\url{https://www.ibm.com/think/topics/confidential-computing}},
  year = {2024}
}

@misc{fortanix,
  title = {Fortanix Unlocks the Power of Confidential Computing},
  author = {Fortanix},
  note = {\url{https://www.fortanix.com/company/pr/2021/04/fortanix-unlocks-the-power-of-confidential-computing}},
  year = {2021}
}

@misc{intel,
  title = {Intel SGX Helps UCSF Propel Medical Device Innovations},
  author = {Intel},
  note = {\url{https://download.intel.com/newsroom/archive/2025/en-us-2020-10-14-intel-sgx-helps-ucsf-propel-medical-device-innovations.pdf}},
  year = {2020}
}

@misc{wired,
  title = {AMD Gave Google Cloud Rare Access to Its Tech to Hunt Chip Flaws},
  author = {Lily Hay Newman},
  note = {\url{https://www.wired.com/story/google-cloud-amd-confidential-computing-security-audit/}},
  year = {2022}
}